runs	id	date	time	bid	ask
1	1	2022-02-24	07:42:58	130.009	130.025
1	2	2022-02-24	07:43:08	130.007	130.026
1	3	2022-02-24	07:43:18	130.006	130.026
1	4	2022-02-24	07:43:28	130.007	130.023
1	5	2022-02-24	07:43:38	130.003	130.026
1	6	2022-02-24	07:43:48	130.008	130.021
1	7	2022-02-24	07:43:58	130.008	130.021
1	8	2022-02-24	07:44:08	130.008	130.02
1	9	2022-02-24	07:44:18	130.009	130.02
1	10	2022-02-24	07:44:28	130.012	130.027
1	11	2022-02-24	07:44:38	130.012	130.027
1	12	2022-02-24	07:44:48	130.009	130.029
1	13	2022-02-24	07:44:58	130.012	130.028
1	14	2022-02-24	07:45:08	130.014	130.028
1	15	2022-02-24	07:45:18	130.017	130.029
1	16	2022-02-24	07:45:28	130.018	130.03
1	17	2022-02-24	07:45:38	130.018	130.03
1	18	2022-02-24	07:45:48	130.019	130.03
1	19	2022-02-24	07:45:58	130.012	130.036
1	20	2022-02-24	07:46:08	130.012	130.035
1	21	2022-02-24	07:46:18	130.011	130.035
1	22	2022-02-24	07:46:28	130.01	130.034
1	23	2022-02-24	07:46:38	130.01	130.034
1	24	2022-02-24	07:46:48	130.01	130.033
1	25	2022-02-24	07:46:58	130.01	130.032
1	26	2022-02-24	07:47:08	130.009	130.032
1	27	2022-02-24	07:47:18	130.01	130.032
1	28	2022-02-24	07:47:28	130.012	130.023
1	29	2022-02-24	07:47:38	130.014	130.025
1	30	2022-02-24	07:47:48	130.012	130.023
1	31	2022-02-24	07:47:58	130.011	130.022
1	32	2022-02-24	07:48:08	130.01	130.021
1	33	2022-02-24	07:48:18	130.01	130.021
1	34	2022-02-24	07:48:28	130.011	130.022
1	35	2022-02-24	07:48:38	130.011	130.022
1	36	2022-02-24	07:48:48	130.012	130.023
1	37	2022-02-24	07:48:58	130.013	130.024
1	38	2022-02-24	07:49:08	130.013	130.024
1	39	2022-02-24	07:49:18	130.014	130.025
1	40	2022-02-24	07:49:28	130.014	130.025
1	41	2022-02-24	07:49:38	130.013	130.024
1	42	2022-02-24	07:49:48	130.013	130.024
1	43	2022-02-24	07:49:58	130.013	130.024
1	44	2022-02-24	07:50:08	130.012	130.026
1	45	2022-02-24	07:50:18	130.014	130.025
1	46	2022-02-24	07:50:28	130.017	130.028
1	47	2022-02-24	07:50:38	130.018	130.029
1	48	2022-02-24	07:50:48	130.018	130.029
1	49	2022-02-24	07:50:58	130.019	130.03
1	50	2022-02-24	07:51:08	130.021	130.032
1	51	2022-02-24	07:51:18	130.021	130.032
1	52	2022-02-24	07:51:28	130.022	130.033
1	53	2022-02-24	07:51:38	130.022	130.033
1	54	2022-02-24	07:51:48	130.018	130.031
1	55	2022-02-24	07:52:00	130.017	130.031
1	56	2022-02-24	07:52:08	130.012	130.028
1	57	2022-02-24	07:52:18	130.011	130.028
1	58	2022-02-24	07:52:28	130.011	130.03
1	59	2022-02-24	07:52:38	130.01	130.029
1	60	2022-02-24	07:52:48	130.009	130.028
1	61	2022-02-24	07:52:58	130.002	130.022
1	62	2022-02-24	07:53:08	130.006	130.022
1	63	2022-02-24	07:53:18	130.003	130.022
1	64	2022-02-24	07:53:28	130.006	130.018
1	65	2022-02-24	07:53:38	130.004	130.017
2	1	2022-02-24	07:54:04	130.005	130.016
2	2	2022-02-24	07:54:14	130.005	130.016
2	3	2022-02-24	07:54:23	129.985	130.008
2	4	2022-02-24	07:54:33	129.98	130.009
2	5	2022-02-24	07:54:44	129.984	130.003
2	6	2022-02-24	07:54:53	129.984	130.003
2	7	2022-02-24	07:55:04	129.984	130.003
2	8	2022-02-24	07:55:14	129.983	130.0
2	9	2022-02-24	07:55:24	129.982	129.997
2	10	2022-02-24	07:55:34	129.979	129.998
2	11	2022-02-24	07:55:43	129.981	129.995
2	12	2022-02-24	07:55:54	129.979	129.997
2	13	2022-02-24	07:56:04	129.974	130.001
2	14	2022-02-24	07:56:13	129.974	130.0
2	15	2022-02-24	07:56:24	129.974	129.999
2	16	2022-02-24	07:56:33	129.977	129.998
2	17	2022-02-24	07:56:44	129.979	129.995
2	18	2022-02-24	07:56:54	129.974	129.999
2	19	2022-02-24	07:57:03	129.973	130.0
2	20	2022-02-24	07:57:13	129.975	129.998
2	21	2022-02-24	07:57:24	129.972	130.001
2	22	2022-02-24	07:57:34	129.973	129.998
2	23	2022-02-24	07:57:43	129.973	129.998
2	24	2022-02-24	07:57:53	129.972	129.997
2	25	2022-02-24	07:58:03	129.971	129.999
2	26	2022-02-24	07:58:14	129.971	129.997
2	27	2022-02-24	07:58:24	129.969	129.998
2	28	2022-02-24	07:58:33	129.968	129.999
2	29	2022-02-24	07:58:44	129.969	129.997
2	30	2022-02-24	07:58:53	129.968	129.997
2	31	2022-02-24	07:59:04	129.968	129.996
2	32	2022-02-24	07:59:14	129.967	129.995
2	33	2022-02-24	07:59:23	129.967	129.995
2	34	2022-02-24	07:59:34	129.966	129.994
3	1	2022-02-24	17:06:31	128.938	128.943
3	2	2022-02-24	17:06:40	128.914	128.919
3	3	2022-02-24	17:06:50	128.915	128.92
3	4	2022-02-24	17:07:00	128.902	128.907
3	5	2022-02-24	17:07:11	128.89	128.895
3	6	2022-02-24	17:07:20	128.907	128.912
3	7	2022-02-24	17:07:30	128.907	128.912
3	8	2022-02-24	17:07:40	128.901	128.906
3	9	2022-02-24	17:07:50	128.899	128.904
3	10	2022-02-24	17:08:00	128.899	128.904
3	11	2022-02-24	17:08:10	128.904	128.909
3	12	2022-02-24	17:08:20	128.902	128.907
3	13	2022-02-24	17:08:30	128.923	128.928
3	14	2022-02-24	17:08:40	128.937	128.942
3	15	2022-02-24	17:08:50	128.946	128.951
3	16	2022-02-24	17:09:00	128.966	128.971
3	17	2022-02-24	17:09:10	128.963	128.968
3	18	2022-02-24	17:09:20	128.972	128.977
3	19	2022-02-24	17:09:30	129.026	129.031
3	20	2022-02-24	17:09:40	129.079	129.088
3	21	2022-02-24	17:09:50	129.082	129.087
3	22	2022-02-24	17:10:00	129.066	129.074
3	23	2022-02-24	17:10:10	129.049	129.054
3	24	2022-02-24	17:10:20	129.067	129.072
3	25	2022-02-24	17:10:30	129.106	129.115
3	26	2022-02-24	17:10:40	129.106	129.111
3	27	2022-02-24	17:10:50	129.123	129.128
3	28	2022-02-24	17:11:00	129.09	129.095
3	29	2022-02-24	17:11:10	129.067	129.072
3	30	2022-02-24	17:11:20	129.062	129.067
3	31	2022-02-24	17:11:30	129.088	129.093
3	32	2022-02-24	17:11:40	129.123	129.128
3	33	2022-02-24	17:11:50	129.095	129.1
3	34	2022-02-24	17:12:00	129.144	129.149
3	35	2022-02-24	17:12:10	129.125	129.13
3	36	2022-02-24	17:12:20	129.123	129.128
3	37	2022-02-24	17:12:30	129.125	129.13
3	38	2022-02-24	17:12:40	129.127	129.132
3	39	2022-02-24	17:12:50	129.113	129.118
3	40	2022-02-24	17:13:00	129.122	129.127
3	41	2022-02-24	17:13:10	129.088	129.096
3	42	2022-02-24	17:13:20	129.089	129.094
3	43	2022-02-24	17:13:30	129.097	129.102
3	44	2022-02-24	17:13:40	129.096	129.101
3	45	2022-02-24	17:13:50	129.067	129.072
3	46	2022-02-24	17:14:00	129.111	129.116
3	47	2022-02-24	17:14:10	129.075	129.083
3	48	2022-02-24	17:14:20	129.085	129.09
3	49	2022-02-24	17:14:30	129.083	129.088
3	50	2022-02-24	17:14:40	129.065	129.07
3	51	2022-02-24	17:14:50	129.042	129.047
3	52	2022-02-24	17:15:00	129.043	129.048
3	53	2022-02-24	17:15:10	129.029	129.034
3	54	2022-02-24	17:15:20	129.064	129.069
3	55	2022-02-24	17:15:30	129.06	129.065
3	56	2022-02-24	17:15:40	129.059	129.064
3	57	2022-02-24	17:15:50	129.055	129.06
3	58	2022-02-24	17:16:00	129.032	129.037
3	59	2022-02-24	17:16:10	129.018	129.023
3	60	2022-02-24	17:16:20	129.031	129.036
3	61	2022-02-24	17:16:30	129.037	129.042
3	62	2022-02-24	17:16:40	129.014	129.019
3	63	2022-02-24	17:16:50	129.028	129.033
3	64	2022-02-24	17:17:00	129.014	129.019
3	65	2022-02-24	17:17:11	129.013	129.018
3	66	2022-02-24	17:17:20	129.033	129.038
3	67	2022-02-24	17:17:30	129.02	129.028
3	68	2022-02-24	17:17:40	129.02	129.025
3	69	2022-02-24	17:17:50	129.024	129.029
3	70	2022-02-24	17:18:00	129.036	129.041
3	71	2022-02-24	17:18:10	129.033	129.038
3	72	2022-02-24	17:18:20	129.056	129.061
3	73	2022-02-24	17:18:30	129.039	129.044
3	74	2022-02-24	17:18:40	129.049	129.054
3	75	2022-02-24	17:18:50	129.082	129.087
3	76	2022-02-24	17:19:00	129.092	129.097
3	77	2022-02-24	17:19:10	129.131	129.136
3	78	2022-02-24	17:19:20	129.146	129.151
3	79	2022-02-24	17:19:30	129.159	129.164
3	80	2022-02-24	17:19:40	129.169	129.174
3	81	2022-02-24	17:19:50	129.141	129.146
3	82	2022-02-24	17:20:00	129.146	129.151
4	1	2022-02-24	17:20:19	129.146	129.154
4	2	2022-02-24	17:20:29	129.154	129.159
4	3	2022-02-24	17:20:39	129.132	129.137
4	4	2022-02-24	17:20:49	129.13	129.135
4	5	2022-02-24	17:20:59	129.116	129.121
4	6	2022-02-24	17:21:09	129.1	129.105
4	7	2022-02-24	17:21:19	129.126	129.131
4	8	2022-02-24	17:21:29	129.122	129.127
4	9	2022-02-24	17:21:39	129.115	129.123
4	10	2022-02-24	17:21:49	129.1	129.105
4	11	2022-02-24	17:21:59	129.12	129.125
4	12	2022-02-24	17:22:09	129.113	129.118
4	13	2022-02-24	17:22:19	129.117	129.124
4	14	2022-02-24	17:22:29	129.091	129.096
4	15	2022-02-24	17:22:39	129.099	129.104
4	16	2022-02-24	17:22:49	129.101	129.106
4	17	2022-02-24	17:22:59	129.147	129.152
4	18	2022-02-24	17:23:09	129.141	129.146
4	19	2022-02-24	17:23:19	129.11	129.115
4	20	2022-02-24	17:23:29	129.109	129.114
4	21	2022-02-24	17:23:39	129.097	129.102
4	22	2022-02-24	17:23:49	129.097	129.102
4	23	2022-02-24	17:23:59	129.126	129.131
4	24	2022-02-24	17:24:09	129.145	129.15
4	25	2022-02-24	17:24:19	129.139	129.144
4	26	2022-02-24	17:24:29	129.127	129.132
4	27	2022-02-24	17:24:39	129.139	129.144
4	28	2022-02-24	17:24:49	129.111	129.116
4	29	2022-02-24	17:24:59	129.099	129.104
4	30	2022-02-24	17:25:09	129.102	129.107
4	31	2022-02-24	17:25:19	129.077	129.082
4	32	2022-02-24	17:25:29	129.118	129.123
4	33	2022-02-24	17:25:39	129.108	129.113
4	34	2022-02-24	17:25:49	129.111	129.116
4	35	2022-02-24	17:25:59	129.086	129.091
4	36	2022-02-24	17:26:09	129.073	129.078
4	37	2022-02-24	17:26:19	129.087	129.092
4	38	2022-02-24	17:26:29	129.085	129.09
4	39	2022-02-24	17:26:39	129.084	129.089
4	40	2022-02-24	17:26:49	129.106	129.111
4	41	2022-02-24	17:26:59	129.112	129.117
4	42	2022-02-24	17:27:09	129.1	129.105
4	43	2022-02-24	17:27:19	129.122	129.127
4	44	2022-02-24	17:27:29	129.072	129.077
4	45	2022-02-24	17:27:39	129.085	129.09
4	46	2022-02-24	17:27:49	129.089	129.094
4	47	2022-02-24	17:27:59	129.075	129.08
4	48	2022-02-24	17:28:09	129.081	129.086
4	49	2022-02-24	17:28:19	129.081	129.086
4	50	2022-02-24	17:28:29	129.081	129.086
4	51	2022-02-24	17:28:39	129.088	129.093
4	52	2022-02-24	17:28:49	129.092	129.097
4	53	2022-02-24	17:28:59	129.088	129.093
4	54	2022-02-24	17:29:09	129.08	129.085
4	55	2022-02-24	17:29:19	129.084	129.089
4	56	2022-02-24	17:29:29	129.065	129.07
4	57	2022-02-24	17:29:39	129.081	129.086
4	58	2022-02-24	17:29:49	129.093	129.098
4	59	2022-02-24	17:29:59	129.136	129.141
4	60	2022-02-24	17:30:09	129.07	129.075
4	61	2022-02-24	17:30:19	129.093	129.098
4	62	2022-02-24	17:30:29	129.086	129.091
4	63	2022-02-24	17:30:39	129.092	129.097
4	64	2022-02-24	17:30:49	129.071	129.076
4	65	2022-02-24	17:30:59	129.052	129.057
4	66	2022-02-24	17:31:09	129.06	129.065
4	67	2022-02-24	17:31:19	129.019	129.024
4	68	2022-02-24	17:31:29	129.011	129.016
4	69	2022-02-24	17:31:39	129.002	129.007
4	70	2022-02-24	17:31:49	128.982	128.987
4	71	2022-02-24	17:31:59	128.968	128.973
4	72	2022-02-24	17:32:09	128.969	128.974
4	73	2022-02-24	17:32:19	128.958	128.963
4	74	2022-02-24	17:32:29	128.969	128.974
4	75	2022-02-24	17:32:39	128.94	128.945
4	76	2022-02-24	17:32:49	128.956	128.961
4	77	2022-02-24	17:32:59	128.964	128.972
4	78	2022-02-24	17:33:09	128.962	128.967
4	79	2022-02-24	17:33:19	128.983	128.988
4	80	2022-02-24	17:33:29	128.987	128.992
4	81	2022-02-24	17:33:39	128.976	128.981
4	82	2022-02-24	17:33:49	128.976	128.981
4	83	2022-02-24	17:33:59	128.969	128.974
4	84	2022-02-24	17:34:09	128.992	128.997
4	85	2022-02-24	17:34:19	128.988	128.993
4	86	2022-02-24	17:34:29	128.997	129.002
4	87	2022-02-24	17:34:39	128.985	128.99
4	88	2022-02-24	17:34:49	128.995	129.0
4	89	2022-02-24	17:34:59	128.997	129.002
4	90	2022-02-24	17:35:09	128.992	128.997
4	91	2022-02-24	17:35:19	128.995	129.0
4	92	2022-02-24	17:35:29	128.949	128.954
4	93	2022-02-24	17:35:39	128.946	128.951
4	94	2022-02-24	17:35:49	128.96	128.965
4	95	2022-02-24	17:35:59	128.962	128.967
4	96	2022-02-24	17:36:09	128.92	128.925
4	97	2022-02-24	17:36:19	128.918	128.923
4	98	2022-02-24	17:36:29	128.899	128.904
4	99	2022-02-24	17:36:39	128.931	128.936
4	100	2022-02-24	17:36:49	128.947	128.952
4	101	2022-02-24	17:36:59	128.933	128.938
4	102	2022-02-24	17:37:09	128.944	128.949
4	103	2022-02-24	17:37:19	128.934	128.939
4	104	2022-02-24	17:37:29	128.939	128.944
4	105	2022-02-24	17:37:39	128.917	128.922
4	106	2022-02-24	17:37:49	128.923	128.928
4	107	2022-02-24	17:37:59	128.928	128.933
4	108	2022-02-24	17:38:09	128.918	128.923
4	109	2022-02-24	17:38:19	128.921	128.926
4	110	2022-02-24	17:38:29	128.929	128.934
5	1	2022-02-24	17:38:50	128.914	128.921
5	2	2022-02-24	17:39:00	128.92	128.925
5	3	2022-02-24	17:39:10	128.928	128.933
5	4	2022-02-24	17:39:20	128.941	128.946
5	5	2022-02-24	17:39:30	128.934	128.939
5	6	2022-02-24	17:39:40	128.961	128.966
5	7	2022-02-24	17:39:50	128.958	128.963
5	8	2022-02-24	17:40:00	128.945	128.95
5	9	2022-02-24	17:40:10	128.942	128.952
5	10	2022-02-24	17:40:20	128.947	128.955
5	11	2022-02-24	17:40:30	128.916	128.921
5	12	2022-02-24	17:40:40	128.924	128.929
5	13	2022-02-24	17:40:50	128.905	128.91
5	14	2022-02-24	17:41:00	128.931	128.936
5	15	2022-02-24	17:41:10	128.909	128.914
5	16	2022-02-24	17:41:20	128.895	128.9
5	17	2022-02-24	17:41:30	128.9	128.905
5	18	2022-02-24	17:41:40	128.889	128.894
5	19	2022-02-24	17:41:50	128.864	128.869
5	20	2022-02-24	17:42:00	128.882	128.887
5	21	2022-02-24	17:42:10	128.876	128.881
5	22	2022-02-24	17:42:20	128.865	128.87
5	23	2022-02-24	17:42:30	128.869	128.874
5	24	2022-02-24	17:42:40	128.847	128.852
5	25	2022-02-24	17:42:50	128.839	128.844
5	26	2022-02-24	17:43:00	128.825	128.83
5	27	2022-02-24	17:43:10	128.844	128.849
5	28	2022-02-24	17:43:20	128.83	128.835
5	29	2022-02-24	17:43:30	128.845	128.85
5	30	2022-02-24	17:43:40	128.838	128.843
5	31	2022-02-24	17:43:50	128.838	128.843
5	32	2022-02-24	17:44:00	128.833	128.838
5	33	2022-02-24	17:44:10	128.843	128.848
5	34	2022-02-24	17:44:20	128.842	128.847
5	35	2022-02-24	17:44:30	128.844	128.849
5	36	2022-02-24	17:44:40	128.873	128.878
5	37	2022-02-24	17:44:50	128.861	128.866
5	38	2022-02-24	17:45:00	128.846	128.851
5	39	2022-02-24	17:45:10	128.838	128.843
5	40	2022-02-24	17:45:20	128.803	128.808
5	41	2022-02-24	17:45:30	128.801	128.806
5	42	2022-02-24	17:45:40	128.821	128.826
5	43	2022-02-24	17:45:50	128.813	128.818
5	44	2022-02-24	17:46:00	128.83	128.835
5	45	2022-02-24	17:46:10	128.859	128.864
5	46	2022-02-24	17:46:20	128.859	128.864
5	47	2022-02-24	17:46:30	128.85	128.855
5	48	2022-02-24	17:46:40	128.845	128.85
5	49	2022-02-24	17:46:50	128.863	128.868
5	50	2022-02-24	17:47:00	128.888	128.893
5	51	2022-02-24	17:47:10	128.887	128.892
5	52	2022-02-24	17:47:20	128.883	128.888
5	53	2022-02-24	17:47:30	128.885	128.89
5	54	2022-02-24	17:47:40	128.883	128.888
5	55	2022-02-24	17:47:50	128.898	128.903
5	56	2022-02-24	17:48:00	128.903	128.908
5	57	2022-02-24	17:48:10	128.911	128.916
5	58	2022-02-24	17:48:20	128.907	128.912
5	59	2022-02-24	17:48:30	128.902	128.907
5	60	2022-02-24	17:48:40	128.903	128.908
5	61	2022-02-24	17:48:50	128.906	128.911
5	62	2022-02-24	17:49:00	128.908	128.913
6	1	2022-02-24	17:52:25	128.88	128.888
6	2	2022-02-24	17:52:35	128.881	128.886
6	3	2022-02-24	17:52:45	128.885	128.89
6	4	2022-02-24	17:52:55	128.883	128.888
6	5	2022-02-24	17:53:05	128.883	128.888
6	6	2022-02-24	17:53:15	128.883	128.888
6	7	2022-02-24	17:53:25	128.875	128.88
6	8	2022-02-24	17:53:35	128.867	128.872
6	9	2022-02-24	17:53:45	128.87	128.875
6	10	2022-02-24	17:53:55	128.878	128.883
6	11	2022-02-24	17:54:05	128.871	128.876
6	12	2022-02-24	17:54:15	128.846	128.851
6	13	2022-02-24	17:54:25	128.844	128.849
6	14	2022-02-24	17:54:35	128.817	128.822
6	15	2022-02-24	17:54:45	128.807	128.812
6	16	2022-02-24	17:54:55	128.811	128.816
6	17	2022-02-24	17:55:05	128.806	128.811
6	18	2022-02-24	17:55:15	128.828	128.833
6	19	2022-02-24	17:55:25	128.819	128.824
6	20	2022-02-24	17:55:35	128.852	128.857
6	21	2022-02-24	17:55:45	128.842	128.847
6	22	2022-02-24	17:55:55	128.857	128.862
6	23	2022-02-24	17:56:05	128.852	128.857
6	24	2022-02-24	17:56:15	128.845	128.85
6	25	2022-02-24	17:56:25	128.843	128.848
6	26	2022-02-24	17:56:35	128.83	128.835
6	27	2022-02-24	17:56:45	128.845	128.85
6	28	2022-02-24	17:56:55	128.851	128.856
6	29	2022-02-24	17:57:05	128.85	128.855
6	30	2022-02-24	17:57:15	128.839	128.844
6	31	2022-02-24	17:57:25	128.861	128.866
6	32	2022-02-24	17:57:35	128.859	128.864
6	33	2022-02-24	17:57:45	128.885	128.89
6	34	2022-02-24	17:57:55	128.89	128.895
6	35	2022-02-24	17:58:05	128.897	128.902
6	36	2022-02-24	17:58:15	128.894	128.899
6	37	2022-02-24	17:58:25	128.886	128.891
6	38	2022-02-24	17:58:35	128.889	128.894
6	39	2022-02-24	17:58:45	128.896	128.901
6	40	2022-02-24	17:58:55	128.901	128.906
6	41	2022-02-24	17:59:05	128.906	128.911
6	42	2022-02-24	17:59:15	128.876	128.881
6	43	2022-02-24	17:59:25	128.88	128.885
6	44	2022-02-24	17:59:35	128.879	128.884
6	45	2022-02-24	17:59:45	128.887	128.892
6	46	2022-02-24	17:59:55	128.895	128.9
6	47	2022-02-24	18:00:05	128.884	128.889
6	48	2022-02-24	18:00:15	128.883	128.888
6	49	2022-02-24	18:00:25	128.869	128.874
6	50	2022-02-24	18:00:35	128.87	128.875
6	51	2022-02-24	18:00:45	128.874	128.879
6	52	2022-02-24	18:00:55	128.876	128.881
6	53	2022-02-24	18:01:05	128.873	128.878
6	54	2022-02-24	18:01:15	128.883	128.888
6	55	2022-02-24	18:01:25	128.883	128.888
6	56	2022-02-24	18:01:35	128.915	128.92
6	57	2022-02-24	18:01:45	128.908	128.913
6	58	2022-02-24	18:01:55	128.911	128.916
6	59	2022-02-24	18:02:05	128.944	128.949
6	60	2022-02-24	18:02:15	128.957	128.962
6	61	2022-02-24	18:02:25	128.955	128.965
6	62	2022-02-24	18:02:35	128.945	128.95
6	63	2022-02-24	18:02:45	128.916	128.921
6	64	2022-02-24	18:02:55	128.91	128.915
6	65	2022-02-24	18:03:05	128.919	128.924
6	66	2022-02-24	18:03:15	128.908	128.913
6	67	2022-02-24	18:03:25	128.917	128.922
6	68	2022-02-24	18:03:35	128.91	128.915
6	69	2022-02-24	18:03:45	128.906	128.911
6	70	2022-02-24	18:03:55	128.896	128.901
6	71	2022-02-24	18:04:05	128.904	128.909
6	72	2022-02-24	18:04:15	128.913	128.918
6	73	2022-02-24	18:04:25	128.918	128.923
6	74	2022-02-24	18:04:34	128.918	128.923
6	75	2022-02-24	18:04:45	128.934	128.939
6	76	2022-02-24	18:04:55	128.916	128.921
6	77	2022-02-24	18:05:05	128.915	128.92
6	78	2022-02-24	18:05:15	128.913	128.918
6	79	2022-02-24	18:05:25	128.888	128.893
6	80	2022-02-24	18:05:35	128.888	128.893
6	81	2022-02-24	18:05:45	128.905	128.91
6	82	2022-02-24	18:05:55	128.906	128.911
6	83	2022-02-24	18:06:05	128.902	128.907
6	84	2022-02-24	18:06:15	128.888	128.893
6	85	2022-02-24	18:06:25	128.894	128.899
6	86	2022-02-24	18:06:35	128.9	128.905
6	87	2022-02-24	18:06:45	128.906	128.911
6	88	2022-02-24	18:06:55	128.906	128.911
6	89	2022-02-24	18:07:05	128.928	128.933
6	90	2022-02-24	18:07:15	128.967	128.972
6	91	2022-02-24	18:07:25	128.96	128.965
6	92	2022-02-24	18:07:35	128.969	128.974
6	93	2022-02-24	18:07:45	128.994	128.999
6	94	2022-02-24	18:07:55	128.988	128.993
6	95	2022-02-24	18:08:05	128.974	128.986
6	96	2022-02-24	18:08:15	128.982	128.987
6	97	2022-02-24	18:08:25	129.001	129.009
6	98	2022-02-24	18:08:35	129.0	129.009
6	99	2022-02-24	18:08:45	129.055	129.06
6	100	2022-02-24	18:08:55	129.043	129.048
6	101	2022-02-24	18:09:05	129.05	129.055
6	102	2022-02-24	18:09:15	129.03	129.035
6	103	2022-02-24	18:09:25	129.037	129.042
6	104	2022-02-24	18:09:35	129.035	129.04
6	105	2022-02-24	18:09:45	129.042	129.047
6	106	2022-02-24	18:09:55	129.056	129.061
7	1	2022-02-24	18:13:59	129.031	129.036
7	2	2022-02-24	18:14:09	129.049	129.054
7	3	2022-02-24	18:14:19	129.037	129.042
7	4	2022-02-24	18:14:29	129.047	129.052
7	5	2022-02-24	18:14:39	129.05	129.055
7	6	2022-02-24	18:14:49	129.05	129.055
7	7	2022-02-24	18:14:59	129.046	129.051
7	8	2022-02-24	18:15:09	129.065	129.07
7	9	2022-02-24	18:15:19	129.048	129.053
8	1	2022-02-24	18:16:57	129.054	129.059
8	2	2022-02-24	18:17:07	129.049	129.054
8	3	2022-02-24	18:17:17	129.045	129.054
8	4	2022-02-24	18:17:27	129.049	129.054
8	5	2022-02-24	18:17:37	129.05	129.055
8	6	2022-02-24	18:17:47	129.049	129.054
8	7	2022-02-24	18:17:57	129.049	129.054
8	8	2022-02-24	18:18:07	129.027	129.032
8	9	2022-02-24	18:18:17	129.033	129.038
8	10	2022-02-24	18:18:29	.	.
8	11	2022-02-24	18:18:37	129.024	129.029
8	12	2022-02-24	18:18:47	129.026	129.031
8	13	2022-02-24	18:18:57	129.006	129.011
8	14	2022-02-24	18:19:07	128.994	128.999
8	15	2022-02-24	18:19:17	129.004	129.009
8	16	2022-02-24	18:19:27	129.005	129.01
8	17	2022-02-24	18:19:37	128.991	128.996
8	18	2022-02-24	18:19:47	128.997	129.002
8	19	2022-02-24	18:19:57	128.989	128.994
8	20	2022-02-24	18:20:07	128.99	128.995
8	21	2022-02-24	18:20:17	128.948	128.953
8	22	2022-02-24	18:20:27	128.971	128.976
8	23	2022-02-24	18:20:37	128.979	128.984
8	24	2022-02-24	18:20:47	128.98	128.985
8	25	2022-02-24	18:20:57	128.984	128.989
8	26	2022-02-24	18:21:07	128.978	128.983
8	27	2022-02-24	18:21:17	128.973	128.978
8	28	2022-02-24	18:21:27	128.983	128.988
8	29	2022-02-24	18:21:37	128.987	128.992
8	30	2022-02-24	18:21:47	129.005	129.013
8	31	2022-02-24	18:21:57	129.019	129.024
8	32	2022-02-24	18:22:07	129.012	129.017
8	33	2022-02-24	18:22:17	129.007	129.012
8	34	2022-02-24	18:22:27	129.018	129.028
8	35	2022-02-24	18:22:37	129.011	129.019
8	36	2022-02-24	18:22:47	129.029	129.034
8	37	2022-02-24	18:22:57	129.03	129.035
8	38	2022-02-24	18:23:07	129.023	129.028
8	39	2022-02-24	18:23:17	129.028	129.033
8	40	2022-02-24	18:23:27	129.029	129.034
8	41	2022-02-24	18:23:37	129.018	129.023
8	42	2022-02-24	18:23:47	129.018	129.023
8	43	2022-02-24	18:23:57	129.026	129.031
8	44	2022-02-24	18:24:07	129.016	129.021
8	45	2022-02-24	18:24:17	129.019	129.024
8	46	2022-02-24	18:24:27	129.011	129.016
8	47	2022-02-24	18:24:37	129.013	129.018
8	48	2022-02-24	18:24:47	128.989	128.994
8	49	2022-02-24	18:24:57	128.961	128.966
8	50	2022-02-24	18:25:07	128.988	128.993
8	51	2022-02-24	18:25:17	128.993	128.998
8	52	2022-02-24	18:25:27	128.994	128.999
8	53	2022-02-24	18:25:37	128.993	128.998
8	54	2022-02-24	18:25:47	128.975	128.98
8	55	2022-02-24	18:25:57	128.983	128.988
8	56	2022-02-24	18:26:07	128.974	128.979
8	57	2022-02-24	18:26:17	128.972	128.977
8	58	2022-02-24	18:26:27	128.947	128.952
8	59	2022-02-24	18:26:37	128.924	128.929
8	60	2022-02-24	18:26:47	128.924	128.929
8	61	2022-02-24	18:26:57	128.923	128.928
9	1	2022-02-24	19:02:13	128.541	128.546
9	2	2022-02-24	19:02:22	128.54	128.545
9	3	2022-02-24	19:02:32	128.551	128.556
9	4	2022-02-24	19:02:42	128.551	128.556
9	5	2022-02-24	19:02:52	128.55	128.555
9	6	2022-02-24	19:03:02	128.547	128.552
9	7	2022-02-24	19:03:12	128.523	128.528
9	8	2022-02-24	19:03:22	128.53	128.535
9	9	2022-02-24	19:03:32	128.531	128.536
9	10	2022-02-24	19:03:42	128.521	128.526
9	11	2022-02-24	19:03:52	128.498	128.503
9	12	2022-02-24	19:04:02	128.501	128.506
9	13	2022-02-24	19:04:12	128.495	128.5
9	14	2022-02-24	19:04:22	128.491	128.496
9	15	2022-02-24	19:04:32	128.504	128.509
9	16	2022-02-24	19:04:42	128.5	128.505
9	17	2022-02-24	19:04:52	128.475	128.48
9	18	2022-02-24	19:05:02	128.474	128.479
9	19	2022-02-24	19:05:12	128.467	128.477
9	20	2022-02-24	19:05:22	128.491	128.496
9	21	2022-02-24	19:05:33	128.519	128.524
9	22	2022-02-24	19:05:42	128.55	128.555
9	23	2022-02-24	19:05:52	128.548	128.553
9	24	2022-02-24	19:06:02	128.541	128.546
9	25	2022-02-24	19:06:12	128.537	128.542
9	26	2022-02-24	19:06:22	128.528	128.533
9	27	2022-02-24	19:06:32	128.54	128.547
9	28	2022-02-24	19:06:42	128.547	128.552
9	29	2022-02-24	19:06:52	128.551	128.556
9	30	2022-02-24	19:07:02	128.564	128.569
9	31	2022-02-24	19:07:12	128.552	128.561
9	32	2022-02-24	19:07:22	128.581	128.591
9	33	2022-02-24	19:07:32	128.596	128.601
9	34	2022-02-24	19:07:42	128.62	128.625
9	35	2022-02-24	19:07:52	128.644	128.649
9	36	2022-02-24	19:08:02	128.635	128.64
9	37	2022-02-24	19:08:12	128.651	128.656
9	38	2022-02-24	19:08:22	128.641	128.646
9	39	2022-02-24	19:08:32	128.635	128.64
9	40	2022-02-24	19:08:42	128.606	128.611
9	41	2022-02-24	19:08:52	128.614	128.619
9	42	2022-02-24	19:09:02	128.604	128.609
9	43	2022-02-24	19:09:12	128.604	128.609
9	44	2022-02-24	19:09:22	128.606	128.611
9	45	2022-02-24	19:09:32	128.605	128.61
9	46	2022-02-24	19:09:42	128.604	128.609
9	47	2022-02-24	19:09:52	128.606	128.611
9	48	2022-02-24	19:10:02	128.62	128.625
9	49	2022-02-24	19:10:12	128.614	128.619
9	50	2022-02-24	19:10:22	128.608	128.613
9	51	2022-02-24	19:10:32	128.606	128.611
9	52	2022-02-24	19:10:42	128.607	128.612
9	53	2022-02-24	19:10:52	128.59	128.595
9	54	2022-02-24	19:11:02	128.59	128.595
9	55	2022-02-24	19:11:12	128.575	128.58
9	56	2022-02-24	19:11:22	128.571	128.576
9	57	2022-02-24	19:11:32	128.572	128.577
9	58	2022-02-24	19:11:42	128.568	128.573
9	59	2022-02-24	19:11:52	128.573	128.578
9	60	2022-02-24	19:12:02	128.582	128.587
9	61	2022-02-24	19:12:12	128.578	128.583
9	62	2022-02-24	19:12:22	128.574	128.579
9	63	2022-02-24	19:12:32	128.586	128.591
9	64	2022-02-24	19:12:42	128.584	128.589
9	65	2022-02-24	19:12:52	128.588	128.593
9	66	2022-02-24	19:13:02	128.589	128.594
9	67	2022-02-24	19:13:12	128.594	128.599
9	68	2022-02-24	19:13:22	128.589	128.594
9	69	2022-02-24	19:13:32	128.594	128.599
9	70	2022-02-24	19:13:42	128.594	128.599
9	71	2022-02-24	19:13:52	128.593	128.598
9	72	2022-02-24	19:14:02	128.593	128.598
9	73	2022-02-24	19:14:12	128.593	128.598
9	74	2022-02-24	19:14:22	128.583	128.588
9	75	2022-02-24	19:14:32	128.591	128.596
9	76	2022-02-24	19:14:42	128.591	128.596
9	77	2022-02-24	19:14:52	128.588	128.593
9	78	2022-02-24	19:15:02	128.584	128.589
9	79	2022-02-24	19:15:12	128.568	128.573
9	80	2022-02-24	19:15:22	128.577	128.582
9	81	2022-02-24	19:15:32	128.53	128.535
9	82	2022-02-24	19:15:42	128.51	128.515
9	83	2022-02-24	19:15:52	128.511	128.516
9	84	2022-02-24	19:16:02	128.502	128.507
10	1	2022-02-24	19:25:57	128.298	128.303
10	2	2022-02-24	19:26:07	128.304	128.309
10	3	2022-02-24	19:26:17	128.306	128.311
10	4	2022-02-24	19:26:27	128.335	128.34
10	5	2022-02-24	19:26:37	128.345	128.35
10	6	2022-02-24	19:26:47	128.337	128.342
10	7	2022-02-24	19:26:57	128.341	128.346
11	1	2022-02-24	20:02:19	128.181	128.186
12	1	2022-02-24	20:06:44	128.074	128.079
13	1	2022-02-24	20:08:20	127.993	127.998
14	1	2022-02-24	20:10:02	128.061	128.066
15	1	2022-02-24	20:15:41	128.108	128.113
15	2	2022-02-24	20:15:51	128.108	128.113
16	1	2022-02-24	20:17:14	128.025	128.03
16	2	2022-02-24	20:17:24	128.034	128.039
17	1	2022-02-24	20:18:01	128.035	128.04
17	2	2022-02-24	20:18:10	128.035	128.04
18	1	2022-02-24	20:23:45	127.986	127.991
18	2	2022-02-24	20:23:55	127.969	127.974
18	3	2022-02-24	20:24:05	127.994	127.999
18	4	2022-02-24	20:24:15	128.013	128.018
18	5	2022-02-24	20:24:25	128.003	128.008
18	6	2022-02-24	20:24:35	128.03	128.035
18	7	2022-02-24	20:24:45	128.015	128.02
18	8	2022-02-24	20:24:55	128.019	128.024
18	9	2022-02-24	20:25:05	128.017	128.022
18	10	2022-02-24	20:25:15	128.024	128.029
18	11	2022-02-24	20:25:25	128.026	128.031
18	12	2022-02-24	20:25:35	128.028	128.033
18	13	2022-02-24	20:25:45	128.009	128.014
18	14	2022-02-24	20:25:55	128.001	128.006
18	15	2022-02-24	20:26:05	128.006	128.011
18	16	2022-02-24	20:26:15	127.997	128.002
18	17	2022-02-24	20:26:25	128.0	128.005
18	18	2022-02-24	20:26:35	128.001	128.006
18	19	2022-02-24	20:26:45	127.999	128.004
18	20	2022-02-24	20:26:55	127.989	127.994
18	21	2022-02-24	20:27:05	127.982	127.987
18	22	2022-02-24	20:27:15	127.966	127.971
18	23	2022-02-24	20:27:25	127.933	127.947
18	24	2022-02-24	20:27:35	127.953	127.958
18	25	2022-02-24	20:27:45	127.941	127.946
18	26	2022-02-24	20:27:55	127.946	127.951
18	27	2022-02-24	20:28:05	127.938	127.943
18	28	2022-02-24	20:28:15	127.925	127.93
18	29	2022-02-24	20:28:25	127.927	127.932
18	30	2022-02-24	20:28:35	127.945	127.95
18	31	2022-02-24	20:28:45	127.942	127.947
18	32	2022-02-24	20:28:55	127.96	127.965
18	33	2022-02-24	20:29:05	127.95	127.955
18	34	2022-02-24	20:29:15	127.959	127.964
18	35	2022-02-24	20:29:25	127.957	127.962
18	36	2022-02-24	20:29:35	127.965	127.97
18	37	2022-02-24	20:29:45	127.966	127.971
18	38	2022-02-24	20:29:55	127.961	127.966
18	39	2022-02-24	20:30:05	127.962	127.967
18	40	2022-02-24	20:30:15	127.962	127.967
18	41	2022-02-24	20:30:25	127.976	127.981
18	42	2022-02-24	20:30:35	127.96	127.965
18	43	2022-02-24	20:30:45	127.963	127.968
18	44	2022-02-24	20:30:55	127.953	127.958
18	45	2022-02-24	20:31:05	127.951	127.956
18	46	2022-02-24	20:31:15	127.958	127.963
18	47	2022-02-24	20:31:25	127.969	127.974
18	48	2022-02-24	20:31:35	127.954	127.959
18	49	2022-02-24	20:31:45	127.953	127.958
18	50	2022-02-24	20:31:55	127.959	127.964
18	51	2022-02-24	20:32:05	127.974	127.979
18	52	2022-02-24	20:32:15	127.965	127.97
18	53	2022-02-24	20:32:25	127.974	127.979
18	54	2022-02-24	20:32:35	127.975	127.98
18	55	2022-02-24	20:32:45	127.967	127.972
18	56	2022-02-24	20:32:55	127.983	127.988
18	57	2022-02-24	20:33:05	127.973	127.978
18	58	2022-02-24	20:33:15	127.971	127.976
18	59	2022-02-24	20:33:25	127.96	127.965
18	60	2022-02-24	20:33:35	127.948	127.953
18	61	2022-02-24	20:33:45	127.955	127.96
18	62	2022-02-24	20:33:55	127.967	127.981
18	63	2022-02-24	20:34:05	127.978	127.983
18	64	2022-02-24	20:34:15	127.964	127.969
18	65	2022-02-24	20:34:25	127.955	127.96
18	66	2022-02-24	20:34:35	127.963	127.968
18	67	2022-02-24	20:34:45	127.95	127.955
18	68	2022-02-24	20:34:55	127.942	127.947
18	69	2022-02-24	20:35:05	127.953	127.958
18	70	2022-02-24	20:35:15	127.957	127.962
18	71	2022-02-24	20:35:25	127.949	127.954
18	72	2022-02-24	20:35:35	127.944	127.949
18	73	2022-02-24	20:35:45	127.938	127.943
18	74	2022-02-24	20:35:55	127.928	127.933
18	75	2022-02-24	20:36:05	127.938	127.943
19	1	2022-02-25	08:19:03	129.314	129.325
19	2	2022-02-25	08:19:13	129.315	129.326
20	1	2022-02-25	08:22:37	129.375	129.386
21	1	2022-02-25	08:24:06	129.389	129.4
22	1	2022-02-25	08:27:19	129.344	129.355
23	1	2022-02-25	08:31:13	129.339	129.35
23	2	2022-02-25	08:31:23	129.331	129.342
23	3	2022-02-25	08:31:33	129.328	129.339
24	1	2022-02-25	08:32:02	129.324	129.335
24	2	2022-02-25	08:32:12	129.323	129.334
24	3	2022-02-25	08:32:22	129.322	129.333
25	1	2022-02-25	08:32:50	129.323	129.334
25	2	2022-02-25	08:33:00	129.305	129.316
25	3	2022-02-25	08:33:10	129.299	129.31
25	4	2022-02-25	08:33:20	129.298	129.309
25	5	2022-02-25	08:33:30	129.29	129.301
25	6	2022-02-25	08:33:40	129.299	129.31
25	7	2022-02-25	08:33:50	129.296	129.307
25	8	2022-02-25	08:34:00	129.303	129.314
25	9	2022-02-25	08:34:10	129.302	129.313
25	10	2022-02-25	08:34:20	129.31	129.321
25	11	2022-02-25	08:34:30	129.307	129.318
25	12	2022-02-25	08:34:40	129.311	129.322
25	13	2022-02-25	08:34:50	129.309	129.32
25	14	2022-02-25	08:35:00	129.306	129.317
25	15	2022-02-25	08:35:11	129.31	129.321
25	16	2022-02-25	08:35:20	129.31	129.321
25	17	2022-02-25	08:35:30	129.31	129.321
25	18	2022-02-25	08:35:40	129.309	129.32
25	19	2022-02-25	08:35:50	129.308	129.319
25	20	2022-02-25	08:36:01	129.309	129.32
25	21	2022-02-25	08:36:10	129.318	129.329
25	22	2022-02-25	08:36:20	129.319	129.33
25	23	2022-02-25	08:36:30	129.315	129.326
25	24	2022-02-25	08:36:40	129.315	129.326
25	25	2022-02-25	08:36:50	129.316	129.327
25	26	2022-02-25	08:37:00	129.316	129.327
25	27	2022-02-25	08:37:10	129.315	129.326
25	28	2022-02-25	08:37:20	129.315	129.326
25	29	2022-02-25	08:37:30	129.314	129.325
25	30	2022-02-25	08:37:40	129.313	129.324
25	31	2022-02-25	08:37:50	129.313	129.324
25	32	2022-02-25	08:38:00	129.313	129.324
25	33	2022-02-25	08:38:10	129.312	129.323
25	34	2022-02-25	08:38:20	129.311	129.322
25	35	2022-02-25	08:38:30	129.307	129.318
25	36	2022-02-25	08:38:40	129.304	129.315
25	37	2022-02-25	08:38:50	129.306	129.317
25	38	2022-02-25	08:39:00	129.305	129.316
25	39	2022-02-25	08:39:10	129.303	129.314
25	40	2022-02-25	08:39:20	129.302	129.313
25	41	2022-02-25	08:39:30	129.3	129.311
25	42	2022-02-25	08:39:40	129.3	129.311
25	43	2022-02-25	08:39:51	129.3	129.311
25	44	2022-02-25	08:40:01	129.301	129.312
25	45	2022-02-25	08:40:10	129.301	129.312
25	46	2022-02-25	08:40:20	129.3	129.311
25	47	2022-02-25	08:40:30	129.292	129.303
25	48	2022-02-25	08:40:40	129.292	129.303
25	49	2022-02-25	08:40:50	129.293	129.304
25	50	2022-02-25	08:41:00	129.292	129.303
25	51	2022-02-25	08:41:10	129.289	129.3
25	52	2022-02-25	08:41:20	129.288	129.299
25	53	2022-02-25	08:41:30	129.287	129.298
25	54	2022-02-25	08:41:40	129.288	129.299
25	55	2022-02-25	08:41:50	129.289	129.3
25	56	2022-02-25	08:42:00	129.281	129.292
26	1	2022-02-25	08:46:05	129.307	129.318
26	2	2022-02-25	08:46:15	129.308	129.319
26	3	2022-02-25	08:46:25	129.315	129.326
26	4	2022-02-25	08:46:35	129.307	129.327
26	5	2022-02-25	08:46:45	129.322	129.333
26	6	2022-02-25	08:46:55	129.321	129.332
26	7	2022-02-25	08:47:05	129.328	129.339
26	8	2022-02-25	08:47:15	129.333	129.344
26	9	2022-02-25	08:47:25	129.343	129.354
26	10	2022-02-25	08:47:35	129.344	129.355
26	11	2022-02-25	08:47:45	129.337	129.348
26	12	2022-02-25	08:47:55	129.339	129.35
26	13	2022-02-25	08:48:05	129.343	129.354
26	14	2022-02-25	08:48:15	129.344	129.355
26	15	2022-02-25	08:48:25	129.339	129.359
26	16	2022-02-25	08:48:35	129.338	129.358
26	17	2022-02-25	08:48:45	129.342	129.353
26	18	2022-02-25	08:48:55	129.342	129.353
26	19	2022-02-25	08:49:05	129.341	129.352
26	20	2022-02-25	08:49:15	129.34	129.351
26	21	2022-02-25	08:49:25	129.338	129.349
26	22	2022-02-25	08:49:35	129.341	129.352
26	23	2022-02-25	08:49:45	129.34	129.351
26	24	2022-02-25	08:49:55	129.341	129.352
26	25	2022-02-25	08:50:05	129.344	129.355
26	26	2022-02-25	08:50:15	129.347	129.358
26	27	2022-02-25	08:50:25	129.347	129.358
26	28	2022-02-25	08:50:35	129.357	129.368
26	29	2022-02-25	08:50:45	129.364	129.375
26	30	2022-02-25	08:50:55	129.367	129.378
26	31	2022-02-25	08:51:05	129.368	129.379
26	32	2022-02-25	08:51:15	129.364	129.375
26	33	2022-02-25	08:51:25	129.365	129.376
26	34	2022-02-25	08:51:35	129.368	129.379
26	35	2022-02-25	08:51:45	129.369	129.38
26	36	2022-02-25	08:51:55	129.369	129.38
26	37	2022-02-25	08:52:05	129.364	129.384
26	38	2022-02-25	08:52:15	129.367	129.378
26	39	2022-02-25	08:52:25	129.365	129.376
26	40	2022-02-25	08:52:35	129.36	129.371
26	41	2022-02-25	08:52:45	129.345	129.356
26	42	2022-02-25	08:52:55	129.344	129.355
26	43	2022-02-25	08:53:05	129.344	129.355
26	44	2022-02-25	08:53:15	129.343	129.354
26	45	2022-02-25	08:53:25	129.34	129.351
26	46	2022-02-25	08:53:35	129.339	129.35
26	47	2022-02-25	08:53:45	129.335	129.346
26	48	2022-02-25	08:53:55	129.336	129.347
26	49	2022-02-25	08:54:05	129.333	129.344
26	50	2022-02-25	08:54:15	129.331	129.342
26	51	2022-02-25	08:54:25	129.33	129.341
26	52	2022-02-25	08:54:35	129.33	129.341
26	53	2022-02-25	08:54:45	129.33	129.341
26	54	2022-02-25	08:54:55	129.33	129.341
26	55	2022-02-25	08:55:05	129.331	129.342
26	56	2022-02-25	08:55:15	129.331	129.342
26	57	2022-02-25	08:55:25	129.332	129.343
26	58	2022-02-25	08:55:35	129.332	129.343
26	59	2022-02-25	08:55:45	129.332	129.343
26	60	2022-02-25	08:55:55	129.328	129.339
26	61	2022-02-25	08:56:05	129.332	129.343
27	1	2022-02-25	09:44:26	129.539	129.544
27	2	2022-02-25	09:44:36	129.53	129.535
27	3	2022-02-25	09:44:46	129.527	129.532
27	4	2022-02-25	09:44:56	129.526	129.531
27	5	2022-02-25	09:45:06	129.529	129.534
27	6	2022-02-25	09:45:16	129.525	129.53
27	7	2022-02-25	09:45:26	129.528	129.533
27	8	2022-02-25	09:45:36	129.526	129.531
27	9	2022-02-25	09:45:46	129.525	129.53
27	10	2022-02-25	09:45:56	129.525	129.53
27	11	2022-02-25	09:46:06	129.526	129.531
27	12	2022-02-25	09:46:16	129.527	129.532
27	13	2022-02-25	09:46:26	129.526	129.531
27	14	2022-02-25	09:46:36	129.526	129.531
27	15	2022-02-25	09:46:46	129.527	129.532
27	16	2022-02-25	09:46:56	129.528	129.533
27	17	2022-02-25	09:47:06	129.54	129.545
27	18	2022-02-25	09:47:16	129.54	129.545
27	19	2022-02-25	09:47:26	129.542	129.547
27	20	2022-02-25	09:47:36	129.537	129.542
27	21	2022-02-25	09:47:46	129.537	129.542
27	22	2022-02-25	09:47:56	129.538	129.543
27	23	2022-02-25	09:48:06	129.538	129.543
27	24	2022-02-25	09:48:16	129.542	129.547
27	25	2022-02-25	09:48:26	129.54	129.545
27	26	2022-02-25	09:48:36	129.543	129.548
27	27	2022-02-25	09:48:46	129.543	129.548
27	28	2022-02-25	09:48:56	129.537	129.542
27	29	2022-02-25	09:49:06	129.542	129.547
27	30	2022-02-25	09:49:16	129.548	129.553
27	31	2022-02-25	09:49:26	129.546	129.551
27	32	2022-02-25	09:49:36	129.548	129.553
27	33	2022-02-25	09:49:46	129.546	129.551
27	34	2022-02-25	09:49:56	129.552	129.557
27	35	2022-02-25	09:50:06	129.549	129.554
27	36	2022-02-25	09:50:16	129.56	129.565
27	37	2022-02-25	09:50:26	129.553	129.558
27	38	2022-02-25	09:50:36	129.559	129.564
27	39	2022-02-25	09:50:46	129.553	129.558
27	40	2022-02-25	09:50:56	129.557	129.562
27	41	2022-02-25	09:51:06	129.538	129.543
27	42	2022-02-25	09:51:16	129.539	129.544
27	43	2022-02-25	09:51:26	129.493	129.498
27	44	2022-02-25	09:51:36	129.495	129.5
27	45	2022-02-25	09:51:46	129.485	129.49
27	46	2022-02-25	09:51:56	129.444	129.449
27	47	2022-02-25	09:52:06	129.403	129.408
27	48	2022-02-25	09:52:16	129.411	129.416
27	49	2022-02-25	09:52:26	129.34	129.345
27	50	2022-02-25	09:52:36	129.344	129.349
27	51	2022-02-25	09:52:46	129.315	129.32
27	52	2022-02-25	09:52:56	129.303	129.308
27	53	2022-02-25	09:53:06	129.281	129.286
27	54	2022-02-25	09:53:16	129.324	129.329
27	55	2022-02-25	09:53:26	129.315	129.32
27	56	2022-02-25	09:53:36	129.302	129.307
27	57	2022-02-25	09:53:46	129.303	129.308
27	58	2022-02-25	09:53:56	129.289	129.294
27	59	2022-02-25	09:54:06	129.293	129.298
27	60	2022-02-25	09:54:16	129.333	129.341
27	61	2022-02-25	09:54:26	129.364	129.369
27	62	2022-02-25	09:54:36	129.391	129.396
27	63	2022-02-25	09:54:46	129.393	129.398
27	64	2022-02-25	09:54:56	129.398	129.403
27	65	2022-02-25	09:55:06	129.371	129.376
28	1	2022-02-27	21:47:39	130.234	130.245
28	2	2022-02-27	21:47:49	130.234	130.245
28	3	2022-02-27	21:47:59	130.234	130.245
28	4	2022-02-27	21:48:09	130.234	130.245
28	5	2022-02-27	21:48:19	130.234	130.245
